<record><leader>00000cas a22000007a 4500</leader><controlfield tag="001">42958126</controlfield><controlfield tag="008">991208c19999999gauwr n       0   a0eng c</controlfield><datafield ind1=" " ind2=" " tag="010"><subfield code="a">sn 99004874 </subfield></datafield><datafield ind1=" " ind2=" " tag="040"><subfield code="a">NSD</subfield><subfield code="b">eng</subfield><subfield code="c">NSD</subfield><subfield code="d">OCLCQ</subfield></datafield><datafield ind1=" " ind2=" " tag="012"><subfield code="l">1</subfield></datafield><datafield ind1="1" ind2=" " tag="022"><subfield code="a">1527-7259</subfield><subfield code="l">1527-7259</subfield><subfield code="2">1</subfield></datafield><datafield ind1=" " ind2=" " tag="037"><subfield code="b">News Korea, 5302 Buford Hwy., Ste. B-8, Atlanta, GA 30340</subfield></datafield><datafield ind1=" " ind2=" " tag="042"><subfield code="a">nsdp</subfield><subfield code="a">pcc</subfield></datafield><datafield ind1=" " ind2="0" tag="222"><subfield code="a">Nyusu&#774; Ko&#769;ria</subfield></datafield><datafield ind1="0" ind2="0" tag="245"><subfield code="a">Nyusu&#774; Ko&#769;ria =</subfield><subfield code="b">News Korea.</subfield></datafield><datafield ind1="3" ind2=" " tag="246"><subfield code="a">News Korea</subfield></datafield><datafield ind1=" " ind2=" " tag="260"><subfield code="a">Atlanta, GA :</subfield><subfield code="b">News Korea,</subfield><subfield code="c">[1999]-</subfield></datafield><datafield ind1=" " ind2=" " tag="300"><subfield code="a">v.</subfield></datafield><datafield ind1=" " ind2=" " tag="310"><subfield code="a">Weekly</subfield></datafield><datafield ind1="0" ind2=" " tag="362"><subfield code="a">Vol. 1, no. 1 (May 14, 1999)-</subfield></datafield><datafield ind1=" " ind2=" " tag="515"><subfield code="a">Vol. for May 14, 1999 called also cha&#769;ngganko.</subfield></datafield><datafield ind1=" " ind2=" " tag="588"><subfield code="a">Description based on surrogate; title from caption.</subfield></datafield><datafield ind1=" " ind2=" " tag="752"><subfield code="a">United States</subfield><subfield code="b">Georgia</subfield><subfield code="c">De Kalb</subfield><subfield code="d">Atlanta.</subfield></datafield><datafield ind1=" " ind2=" " tag="752"><subfield code="a">United States</subfield><subfield code="b">Georgia</subfield><subfield code="c">Fulton</subfield><subfield code="d">Atlanta.</subfield></datafield></record>